  title         = "{Finite size scaling and the effect of the gauge coupling in 12 flavor systems}",
@article{Hasenfratz:2013eka,
  author        = "Hasenfratz, Anna and Cheng, Anqi and Petropoulos, Gregory and Schaich, David",
  journal       = "PoS",
  volume        = "LATTICE 2013",
  pages         = "075",
  year          = "2013",
  eprint        = "1310.1124",
  archivePrefix = "arXiv",
}

  title         = "{MCRG study of 8 and 12 fundamental flavors}",
@article{Petropoulos:2012mg,
  author        = "Petropoulos, Gregory and Cheng, Anqi and Hasenfratz, Anna and Schaich, David",
  journal       = "PoS",
  volume        = "Lattice 2012",
  pages         = "051",
  year          = "2012",
  eprint        = "1212.0053",
  archivePrefix = "arXiv",
}
